<record><leader>00000cas a22000007a 4500</leader><controlfield tag="001">22902721</controlfield><controlfield tag="008">901227d18661866ohuwr ne      0    0eng d</controlfield><datafield ind1=" " ind2=" " tag="010"><subfield code="a">sn 90068769 </subfield></datafield><datafield ind1=" " ind2=" " tag="040"><subfield code="a">ONP</subfield><subfield code="b">eng</subfield><subfield code="c">ONP</subfield><subfield code="d">OCLCQ</subfield></datafield><datafield ind1=" " ind2=" " tag="042"><subfield code="a">msc</subfield></datafield><datafield ind1="0" ind2="0" tag="245"><subfield code="a">Democratic advocate.</subfield></datafield><datafield ind1=" " ind2=" " tag="260"><subfield code="a">Kenton, O. [Ohio] :</subfield><subfield code="b">ChaS.l. Zahm,</subfield><subfield code="c">-1866.</subfield></datafield><datafield ind1=" " ind2=" " tag="300"><subfield code="a">v.</subfield></datafield><datafield ind1=" " ind2=" " tag="310"><subfield code="a">Weekly</subfield></datafield><datafield ind1="1" ind2=" " tag="362"><subfield code="a">Began in Mar. 1866.</subfield></datafield><datafield ind1="0" ind2=" " tag="362"><subfield code="a">-new ser., v. 1, no. 40 (Dec. 20, 1866).</subfield></datafield><datafield ind1=" " ind2=" " tag="588"><subfield code="a">Description based on: Vol. 1, no. 2 (Mar. 22, 1866).</subfield></datafield><datafield ind1=" " ind2=" " tag="752"><subfield code="a">United States</subfield><subfield code="b">Ohio</subfield><subfield code="c">Hardin</subfield><subfield code="d">Kenton.</subfield></datafield><datafield ind1="0" ind2="0" tag="785"><subfield code="t">Kenton Democrat (Kenton, Ohio : 1866)</subfield><subfield code="w">(DLC)sn 85034511</subfield></datafield></record>